@misc{STMWebsite,
	title = {STM32F107VC},
	howpublished = {\url{https://my.st.com/content/my_st_com/en/products/microcontrollers/stm32-32-bit-arm-cortex-mcus/stm32f1-series/stm32f105-107/stm32f107vc.html}},
},

@misc{STMErrata,
	title = {STM32F105xx STM32F107xx Errata sheet},
	howpublished = {\url{https://my.st.com/resource/en/errata_sheet/cd00238166.pdf}},
},

@misc{FreeRTOSWebsite,
	title = {FreeRTOS},
	howpublished = {\url{http://www.freertos.org/}},
},

@misc{HDLCWebsite,
	title = {Information technology — Telecommunications and information exchange between systems — High-level data link control (HDLC) procedures},
	howpublished = {\url{https://www.iso.org/obp/ui/\#iso:std:iso-iec:13239:ed-3:v1:en}},
},

@misc{EtherCATWiki,
	title = {EtherCAT},
	howpublished = {\url{https://en.wikipedia.org/wiki/EtherCAT}},
},

@misc{CANWiki,
	title = {CAN bus},
	howpublished = {\url{https://en.wikipedia.org/wiki/CAN_bus}},
},

@misc{RS,
	title = {RS-232},
	howpublished = {\url{https://en.wikipedia.org/wiki/RS-232}},
},

@misc{USB,
	title = {USB},
	howpublished = {\url{https://en.wikipedia.org/wiki/USB}},
},

@misc{ElektronRobotyka,
    title = {Elektron},
    howpublished = {\url{http://robotyka.ia.pw.edu.pl/robots/elektron/}},
}

@book{ProgramowanieAplikacjiSieciowych,
   author = {W.R.Stevens},
   year = {1995},
   title = {Programowanie zastosowań sieciowych w systemie Unix},
},
